<?xml version="1.0" encoding="UTF-8"?><collection xmlns="http://www.loc.gov/MARC21/slim"><record><leader>00487nam--2200145-i-4500</leader><controlfield tag="001">000010901</controlfield><controlfield tag="002">20161230</controlfield><controlfield tag="005">20161230201029</controlfield><controlfield tag="008">060222s1000------------r-----000-0-eng-d</controlfield><datafield ind1=" " ind2=" " tag="080"><subfield code="a">575.17(047.1:016):614.876(047.1)</subfield></datafield><datafield ind1=" " ind2=" " tag="100"><subfield code="a">Anger, H</subfield></datafield><datafield ind1=" " ind2=" " tag="245"><subfield code="a">Chromosomenaberrationen nach einwirkung ionisierender strahlung unter besonderer barucksichtigung der beruflichen strahlen- belastung</subfield></datafield><datafield ind1=" " ind2=" " tag="260"><subfield code="a">Berlin, Staatliche Zentrale Fur Strahlenschutz 1973 33 P</subfield></datafield><datafield ind1=" " ind2=" " tag="490"><subfield code="a">150</subfield></datafield><datafield ind1=" " ind2=" " tag="852"><subfield code="a">2075</subfield></datafield></record></collection>